<?xml version="1.0" encoding="UTF-8"?><record xmlns="http://www.loc.gov/MARC21/slim" xmlns:cinclude="http://apache.org/cocoon/include/1.0" xmlns:zs="http://www.loc.gov/zing/srw/">
  <leader>00941nz  a2200157n  4500</leader>
  <controlfield tag="001">no2005029863</controlfield>
  <controlfield tag="003">DLC</controlfield>
  <controlfield tag="005">20050401051955.0</controlfield>
  <controlfield tag="008">050331n| acannaabn          |a anc     c</controlfield>
  <datafield tag="010" ind1=" " ind2=" ">
    <subfield code="a">no2005029863</subfield>
  </datafield>
  <datafield tag="035" ind1=" " ind2=" ">
    <subfield code="a">(OCoLC)oca06596910</subfield>
  </datafield>
  <datafield tag="040" ind1=" " ind2=" ">
    <subfield code="a">MH</subfield>
    <subfield code="b">eng</subfield>
    <subfield code="c">MH</subfield>
  </datafield>
  <datafield tag="110" ind1="2" ind2=" ">
    <subfield code="a">KyoĚto Daigaku.</subfield>
    <subfield code="b">Graduate School of Law.</subfield>
    <subfield code="b">Program for the Reconstruction of Legal Ordering in the 21st Century</subfield>
  </datafield>
  <datafield tag="410" ind1="2" ind2=" ">
    <subfield code="a">Program for the Reconstruction of Legal Ordering in the 21st Century</subfield>
  </datafield>
  <datafield tag="410" ind1="2" ind2=" ">
    <subfield code="a">Law and Politics 21 COE</subfield>
  </datafield>
  <datafield tag="670" ind1=" " ind2=" ">
    <subfield code="a">Kyoto journal of law and politics, Nov. 2004:</subfield>
    <subfield code="b">cover (Program for the Reconstruction of Legal Ordering in the 21st Century; Law and Politics 21 COE) p.2 of cover (Graduate School of Law, Kyoto University) p.8 (... "Program for the Reconstruction of Legal Ordering in the Twenty-first Century," which is being undertaken in the framework of the Ministry of Education's Center for Excellence, granted to our Graduate School of Law.)</subfield>
  </datafield>
</record>